% Encoding: UTF-8

@book{于渊2009orange,
  title={Orange'S: 一个操作系统的实现},
  author={于渊},
  year={2009},
  publisher={电子工业出版社}
}

@online{80286与保护模式,
  author  = {Sinaean Dean},
  title   = {80286与保护模式},
  year    = {2017},
  urldate = {2017-06-14},
  url     = {https://zhuanlan.zhihu.com/p/27401519}
}

@online{romimage,
  author  = {michaelcao1980},
  title   = {romimage},
  year    = {2012},
  urldate = {2012-12-13},
  url     = {https://blog.csdn.net/michaelcao1980/article/details/8292609}
}

@online{mit,
  author  = {mit},
  title   = {Xv6, a simple Unix-like teaching operating system},
  year    = {2017},
  urldate = {2017},
  url     = {https://pdos.csail.mit.edu/6.828/2017/xv6.html}
}